=\cite{liu_location-aware_2016} 
=\cite{yin_network_2017} 
=\cite{yu_personalized_2014} 
=\cite{ma_predicting_2015} 
=\cite{zheng_wsrec:_2009} 
=\cite{zheng_qos-aware_2011} 
=\cite{park_comparative_2017} 
=\cite{rodriguez-mier_hybrid_2017} 
=\cite{choi_statistical_2015} 
=\cite{agarwal_stochastic_2014} 
=\cite{zhou_qos-aware_2015} 
=\cite{xia_domain-aware_2014} 
=\cite{wang_collaborative_2015} 
=\cite{liu_incorporating_2015} 
=\cite{tang_location-aware_2012} 
=\cite{lo_efficient_2014} 
=\cite{chen_user_2016} 
=\cite{r_salakhutdinov__a_mnih_probability_2007} 
=\cite{hadad_tqos:_2010} 
=\cite{mohammed_markov_2016} 
=\cite{tran_low-rank_2016} 
=\cite{ongie_fast_2017} 
\cite{koren_matrix_2009} 